@article{DBLP:journals/corr/abs-1201-3011,
  author    = {Stephen G. Kobourov},
  title     = {Spring Embedders and Force Directed Graph Drawing Algorithms},
  journal   = {CoRR},
  volume    = {abs/1201.3011},
  year      = {2012},
  url       = {http://arxiv.org/abs/1201.3011},
  timestamp = {Wed, 10 Oct 2012 21:28:47 +0200},
  biburl    = {http://dblp.uni-trier.de/rec/bib/journals/corr/abs-1201-3011},
  bibsource = {dblp computer science bibliography, http://dblp.org}
}


@techreport{sha,
	title={1 (SHA1)},
	author={Eastlake 3rd, D and Jones, Peter and US, Secure Hash Algorithm},
	year={2001},
	institution={RFC Editor}
}

@article{zave2012using,
	title={Using lightweight modeling to understand Chord},
	author={Zave, Pamela},
	journal={ACM SIGCOMM Computer Communication Review},
	volume={42},
	number={2},
	pages={49--57},
	year={2012},
	publisher={ACM}
}

@techreport{mainline,
	AUTHOR = "Andrew Loewenstern and Arvid Norberg",
	TITLE = "{DHT Protocol (BEP-0005)}",
	HOWPUBLISHED = {BitTorrent Enhancement Proposals},
	TYPE="{BEP}",
	NUMBER=5,
	YEAR = {2013},
	MONTH = {April},
	URL={http://bittorrent.org/beps/bep_0005.html}
}

@article{bollobas2004diameter,
  title={The diameter of a scale-free random graph},
  author={Bollob{\'a}s, B{\'e}la and Riordan, Oliver},
  journal={Combinatorica},
  volume={24},
  number={1},
  pages={5--34},
  year={2004},
  publisher={Springer}
}

@article{jansen1909abbildung,
  title={Abbildung der hyperbolischen Geometrie auf ein zweischaliges Hyperboloid},
  author={Jansen, H},
  journal={Mitt. Math. Gesellsch. Hamburg},
  volume={4},
  pages={409--440},
  year={1909}
}



@inproceedings{durham2014model,
  title={A model architecture for Big Data applications using relational databases},
  author={Durham, Erin-Elizabeth A and Rosen, Andrew and Harrison, Robert W},
  booktitle={Big Data (Big Data), 2014 IEEE International Conference on},
  pages={9--16},
  year={2014},
  organization={IEEE}
}

@inproceedings{durham2014optimization,
	title={Optimization of relational database usage involving Big Data a model architecture for Big Data applications},
	author={Durham, Erin-Elizabeth A and Rosen, Andrew and Harrison, Robert W},
	booktitle={Computational Intelligence and Data Mining (CIDM), 2014 IEEE Symposium on},
	pages={454--462},
	year={2014},
	organization={IEEE}
}


@inproceedings{umoja2014novel,
	title={A novel approach to determine docking locations using fuzzy logic and shape determination},
	author={Umoja, Chinua and Torrance, JT and Durham, Erin-Elizabeth A and Rosen, Andrew and Harrison, Robert W},
	booktitle={Big Data (Big Data), 2014 IEEE International Conference on},
	pages={14--16},
	year={2014},
	organization={IEEE}
}


@inproceedings{chordreduce,
	author = {Rosen, Andrew and Benshoof, Brendan and Harrison, Robert W and Bourgeois, Anu G.},
	title = {MapReduce on a Chord Distributed Hash Table},
	booktitle = {2nd International IBM Cloud Academy Conference},
	date = {May 9th, 2014},

}

@inproceedings{vhash,
	author = {Benshoof, Brendan and Rosen, Andrew and Bourgeois, Anu G. and Harrison, Robert W },
	title = {VHASH: Spatial DHT based on Voronoi Tessellation},
	booktitle = {2nd International IBM Cloud Academy Conference},
	date = {2014},
	
}


@inproceedings{dgvh,
	author = {Benshoof, Brendan and Rosen, Andrew and Bourgeois, Anu G. and Harrison, Robert W },
	title = {A Distributed Greedy Heuristic for Computing Voronoi Tessellations With Applications Towards Peer-to-Peer Networks},
	booktitle = {Dependable Parallel, Distributed and Network-Centric Systems, 20th IEEE Workshop on },
	date = {2015},
	
}

@unpublished{sybil-analysis,
	author = {Rosen, Andrew and Benshoof, Brendan and Harrison, Robert W and Bourgeois, Anu G.},
	title = {The Sybil Attack on Peer-to-Peer Networks From the Attacker's Perspective},
	date = {2015},
}


@misc{urdht,
	title={UrDHT},
	author = {Rosen, Andrew and Benshoof, Brendan and Harrison, Robert W and Bourgeois, Anu G.},
	howpublished={ \url{https://github.com/UrDHT/}}
}

inproceedings{prr,
 author = {Plaxton, C. Greg and Rajaraman, Rajmohan and Richa, Andr{\'e}a W.},
 title = {Accessing Nearby Copies of Replicated Objects in a Distributed Environment},
 booktitle = {Proceedings of the Ninth Annual ACM Symposium on Parallel Algorithms and Architectures},
 series = {SPAA '97},
 year = {1997},
 isbn = {0-89791-890-8},
 location = {Newport, Rhode Island, USA},
 pages = {311--320},
 numpages = {10},
 url = {http://doi.acm.org/10.1145/258492.258523},
 doi = {10.1145/258492.258523},
 acmid = {258523},
 publisher = {ACM},
 address = {New York, NY, USA}
} 



@article{lua2005survey,
  title={A survey and comparison of peer-to-peer overlay network schemes.},
  author={Lua, Eng Keong and Crowcroft, Jon and Pias, Marcelo and Sharma, Ravi and others}
}




@article{chord,
	author = {Stoica, Ion and Morris, Robert and Karger, David and Kaashoek, M. Frans and Balakrishnan, Hari},
	title = {Chord: {A} {S}calable {P}eer-to-{P}eer {L}ookup {S}ervice for {I}nternet {A}pplications},
	journaltitle = {SIGCOMM Comput. Commun. Rev.},
	issue_date = {October 2001},
	volume = {31},
	issue = {4},
	month = {August},
	year = {2001},
	issn = {0146-4833},
	pages = {149--160},
	numpages = {12},
	url = {http://doi.acm.org/10.1145/964723.383071},
	doi = {http://doi.acm.org/10.1145/964723.383071},
	acmid = {383071},
	publisher = {ACM},
	address = {New York, NY, USA}
} 

@inproceedings{kleinberg2007geographic,
  title={Geographic routing using hyperbolic space},
  author={Kleinberg, Robert},
  booktitle={INFOCOM 2007. 26th IEEE International Conference on Computer Communications. IEEE},
  pages={1902--1909},
  year={2007},
  organization={IEEE}
}


@incollection{maymounkov2002kademlia,
  title={Kademlia: A peer-to-peer information system based on the xor metric},
  author={Maymounkov, Petar and Mazieres, David},
  booktitle={Peer-to-Peer Systems},
  pages={53--65},
  year={2002},
  publisher={Springer}
}
@inproceedings{brewer2010certain,
  title={A certain freedom: thoughts on the cap theorem},
  author={Brewer, Eric},
  booktitle={Proceedings of the 29th ACM SIGACT-SIGOPS symposium on Principles of distributed computing},
  pages={335--335},
  year={2010},
  organization={ACM}
}

@article{hodson2013meshnet,
  title={Meshnet activists rebuilding the internet from scratch},
  author={Hodson, Hal},
  journal={New Scientist},
  volume={219},
  number={2929},
  pages={20--21},
  year={2013},
  publisher={Elsevier}
}

@article{jimenez2011kademlia,
  title={Kademlia on the open internet: How to achieve sub-second lookups in a multimillion-node DHT overlay},
  author={Jimenez, Ra{\'u}l},
  year={2011},
  publisher={KTH Royal Institute of Technology}
}

@inproceedings{zantout2011i2p,
  title={I2p data communication system},
  author={Zantout, Bassam and Haraty, Ramzi},
  booktitle={Proceedings of the tenth international conference on networks},
  pages={401--409},
  year={2011}
}

@inproceedings{chordreduce,
	author = {Rosen, Andrew and Benshoof, Brendan and Harrison, Robert W and Bourgeois, Anu G.},
	title = {MapReduce on a Chord Distributed Hash Table},
	booktitle = {2nd International IBM Cloud Academy Conference},
	date = {May 9th, 2014},

}



@inproceedings{irmlp,
	author = {Benshoof, Brendan and Rosen, Andrew and Johnson, Matt  and Bourgeois, Anu G.},
	title = {Reducing Traffic and Delays in P2P Systems with Replicated Mutable Files},
	date = {2012},
	
}





@incollection{shewchuk96b,
author = {Jonathan Richard Shewchuk},
title = {Triangle:  {E}ngineering a {2D} {Q}uality {M}esh {G}enerator and
  {D}elaunay {T}riangulator},
booktitle = {Applied Computational Geometry:  Towards Geometric Engineering},
editor = {Ming C. Lin and Dinesh Manocha},
series = {Lecture Notes in Computer Science},
volume = 1148,
publisher = {Springer-Verlag},
pages = {203--222},
month = may,
year = 1996,
note = {From the First ACM Workshop on Applied Computational Geometry}
}





@incollection{kademlia,
  title={Kademlia: A peer-to-peer information system based on the xor metric},
  author={Maymounkov, Petar and Mazieres, David},
  booktitle={Peer-to-Peer Systems},
  pages={53--65},
  year={2002},
  publisher={Springer}
}

@inproceedings{pastry,
  title={Pastry: Scalable, decentralized object location, and routing for large-scale peer-to-peer systems},
  author={Rowstron, Antony and Druschel, Peter},
  booktitle={Middleware 2001},
  pages={329--350},
  year={2001},
  organization={Springer}
}



@article{can,
	title={A Scalable Content-Addressable Network},
	author={Ratnasamy, Sylvia and Francis, Paul and Handley, Mark and Karp, Richard and Shenker, Scott},
	year={2001}
}


@inproceedings{ratnasamy2002ght,
	title={GHT: a geographic hash table for data-centric storage},
	author={Ratnasamy, Sylvia and Karp, Brad and Yin, Li and Yu, Fang and Estrin, Deborah and Govindan, Ramesh and Shenker, Scott},
	booktitle={Proceedings of the 1st ACM international workshop on Wireless sensor networks and applications},
	pages={78--87},
	year={2002},
	organization={ACM}
}

@misc{geoalg,
  title = {Geometric Algorithms},
  howpublished= {\url{http://www.cs.princeton.edu/~rs/AlgsDS07/16Geometric.pdf}}
}

@article{voronoi,
  title={Voronoi diagramsâ€”a survey of a fundamental geometric data structure},
  author={Aurenhammer, Franz},
  journal={ACM Computing Surveys (CSUR)},
  volume={23},
  number={3},
  pages={345--405},
  year={1991},
  publisher={ACM}
}


@article{bern1991expected,
  title={The expected extremes in a Delaunay triangulation},
  author={Bern, Marshall and Eppstein, David and Yao, Frances},
  journal={International Journal of Computational Geometry \& Applications},
  volume={1},
  number={01},
  pages={79--91},
  year={1991},
  publisher={World Scientific}
}


@INPROCEEDINGS{virtvoro, 
author={Wei Wang and Guisong Yang and Naixue Xiong and Xingyu He and Wenzhong Guo}, 
booktitle={Parallel Distributed Processing Symposium Workshops (IPDPSW), 2014 IEEE International}, 
title={A General P2P Scheme for Constructing Large-Scale Virtual Environments}, 
year={2014}, 
month={May}, 
pages={1648-1655}, 
keywords={computational geometry;peer-to-peer computing;virtual reality;3D contents;LoD;P2P 3D streaming scheme;P2P based scenes progressive downloading;P2P-DVE;PSVE;Voronoi diagram;downloading priority;general P2P scheme;large-scale virtual environments;level of detail;multiuser online games;peer-to-peer based scenes progressive downloading;streaming quality;virtual city;virtual worlds;Availability;Internet;Peer-to-peer computing;Servers;Solid modeling;Three-dimensional displays;Virtual environments;3D Streaming;DVEs;P2P;Voronoi Diagram}, 
doi={10.1109/IPDPSW.2014.195},}


@phdthesis{karp2000geographic,
	title={Geographic routing for wireless networks},
	author={Karp, Brad Nelson},
	year={2000},
	school={Harvard University Cambridge, Massachusetts}
}


@inproceedings{voronet,
  title={VoroNet: A scalable object network based on Voronoi tessellations},
  author={Beaumont, Olivier and Kermarrec, A-M and Marchal, Loris and Rivi{\`e}re, Etienne},
  booktitle={Parallel and Distributed Processing Symposium, 2007. IPDPS 2007. IEEE International},
  pages={1--10},
  year={2007},
  organization={IEEE}
}

@incollection{papadimitriou2004conjecture,
	title={On a conjecture related to geometric routing},
	author={Papadimitriou, Christos H and Ratajczak, David},
	booktitle={Algorithmic Aspects of Wireless Sensor Networks},
	pages={9--17},
	year={2004},
	publisher={Springer}
}

@article{auerbach1949mercury,
	title={Mercury delay line memory using a pulse rate of several megacycles},
	author={Auerbach, Isaac L and Eckert Jr, J Presper and Shaw, Robert F and Sheppard, C Bradford},
	journal={Proceedings of the IRE},
	volume={37},
	number={8},
	pages={855--861},
	year={1949},
	publisher={IEEE}
}

@inproceedings{dhtsec,
	title={BitTorrent's mainline DHT security assessment},
	author={Timpanaro, Juan Pablo and Cholez, Thibault and Chrisment, Isabelle and Festor, Olivier},
	booktitle={New Technologies, Mobility and Security (NTMS), 2011 4th IFIP International Conference on},
	pages={1--5},
	year={2011},
	organization={IEEE}
}

@inproceedings{wang2013measuring,
	title={Measuring large-scale distributed systems: case of bittorrent mainline dht},
	author={Wang, Liang and Kangasharju, Jussi},
	booktitle={Peer-to-Peer Computing (P2P), 2013 IEEE Thirteenth International Conference on},
	pages={1--10},
	year={2013},
	organization={IEEE}
}


@inproceedings{Backhaus:2007:VAS:1326257.1326266,
 author = {Backhaus, Helge and Krause, Stefan},
 title = {Voronoi-based Adaptive Scalable Transfer Revisited: Gain and Loss of a Voronoi-based Peer-to-peer Approach for MMOG},
 booktitle = {Proceedings of the 6th ACM SIGCOMM Workshop on Network and System Support for Games},
 series = {NetGames '07},
 year = {2007},
 isbn = {978-0-9804460-0-5},
 location = {Melbourne, Australia},
 pages = {49--54},
 numpages = {6},
 url = {http://doi.acm.org/10.1145/1326257.1326266},
 doi = {10.1145/1326257.1326266},
 acmid = {1326266},
 publisher = {ACM},
 address = {New York, NY, USA},
 keywords = {Voronoi diagram, massively multiplayer online games, neighbor discovery, peer-to-peer, scalability, virtual worlds},
} 



@inproceedings{hu2008voronoi,
  title={Voronoi state management for peer-to-peer massively multiplayer online games},
  author={Hu, Shun-Yun and Chang, Shao-Chen and Jiang, Jehn-Ruey},
  booktitle={Consumer Communications and Networking Conference, 2008. CCNC 2008. 5th IEEE},
  pages={1134--1138},
  year={2008},
  organization={IEEE}
}


@article{hu2004scalable,
	title={Scalable Peer-to-Peer Networked Virtual Environment},
	author={Hu, Shun-Yun and Liao, Guan-Ming},
	year={2004}
}

@inproceedings{yamamoto2005distributed,
	title={A distributed event delivery method with load balancing for MMORPG},
	author={Yamamoto, Shinya and Murata, Yoshihiro and Yasumoto, Keiichi and Ito, Minoru},
	booktitle={Proceedings of 4th ACM SIGCOMM workshop on Network and system support for games},
	pages={1--8},
	year={2005},
	organization={ACM}
}






@incollection{raynet,
  title={Peer to peer multidimensional overlays: Approximating complex structures},
  author={Beaumont, Olivier and Kermarrec, Anne-Marie and Rivi{\`e}re, {\'E}tienne},
  booktitle={Principles of Distributed Systems},
  pages={315--328},
  year={2007},
  publisher={Springer}
}



@article{albers1998voronoi,
  title={Voronoi diagrams of moving points},
  author={Albers, Gerhard and Guibas, Leonidas J and Mitchell, Joseph SB and Roos, Thomas},
  journal={International Journal of Computational Geometry \& Applications},
  volume={8},
  number={03},
  pages={365--379},
  year={1998},
  publisher={World Scientific}
}

@inproceedings{carbunar2004distributed,
  title={Distributed and dynamic voronoi overlays for coverage detection and distributed hash tables in ad-hoc networks},
  author={Carbunar, Bogdan and Grama, Ananth and Vitek, Jan},
  booktitle={Parallel and Distributed Systems, 2004. ICPADS 2004. Proceedings. Tenth International Conference on},
  pages={549--556},
  year={2004},
  organization={IEEE}
}


@inproceedings{chen2008voronoi,
  title={Voronoi-based sleeping configuration in wireless sensor networks with location error},
  author={Chen, Xinyu and Lyu, Michael R and Guo, Ping},
  booktitle={Networking, Sensing and Control, 2008. ICNSC 2008. IEEE International Conference on},
  pages={1459--1464},
  year={2008},
  organization={IEEE}
}



@article{bitcoin,
  title={Bitcoin: A peer-to-peer electronic cash system},
  author={Nakamoto, Satoshi},
  journal={Consulted},
  volume={1},
  pages={2012},
  year={2008}
}
@inproceedings{pappas,
  title={A Comparative Study of the DNS Design with DHT-Based Alternatives.},
  author={Pappas, Vasileios and Massey, Daniel and Terzis, Andreas and Zhang, Lixia},
  booktitle={INFOCOM},
  volume={6},
  pages={1--13},
  year={2006}
}


@incollection{cox,
  title={Serving DNS using a peer-to-peer lookup service},
  author={Cox, Russ and Muthitacharoen, Athicha and Morris, Robert T},
  booktitle={Peer-to-Peer Systems},
  pages={155--165},
  year={2002},
  publisher={Springer}
}

@misc{namecoin,
	title ={Namecoin},
	howpublished= {\url{https://github.com/vinced/namecoin}},
	note = {Accessed: 11/29/2013 }
}

@article{mockapetris2003rfc,
  title={RFC 1034: Domain names: concepts and facilities (November 1987)},
  author={Mockapetris, Paul},
  journal={Status: Standard},
  year={2003}
}


@article{mockapetris2004rfc,
  title={RFC 1035: Domain names: implementation and specification (November 1987)},
  author={Mockapetris, Paul},
  journal={\url{http://www. ietf. org/rfc/rfc1035.txt}},
  year={2004}
}



@article{blacka2013clarifications,
  title={Clarifications and Implementation Notes for DNS Security (DNSSEC)},
  author={Blacka, David and Weiler, Samuel},
  year={2013}
}

@misc{pdns,
title = {PowerDNS},
howpublished = {\url{https://www.powerdns.com/}}
}

@article{irm,
  title={IRM: integrated file replication and consistency maintenance in P2P systems},
  author={Shen, Haiying},
  journal={Parallel and Distributed Systems, IEEE Transactions on},
  volume={21},
  number={1},
  pages={100--113},
  year={2010},
  publisher={IEEE}
}



@article{sopa,
  title={Stop online piracy act},
  author={Smith, Lamar},
  journal={US Government.[Links]},
  year={2011}
}

@inproceedings{pipa,
  title={Preventing Real Online Threats to Economic Creativity and Theft of Intellectual Property Act of 2011. S. 968},
  author={PROTECT, IP},
  booktitle={112th Congress, 1st Session, May},
  volume={26},
  year={2011}
}

@article{lemley2011don,
  title={Don't break the Internet},
  author={Lemley, Mark and Levine, David and Post, David},
  journal={Stanford Law Review Online},
  volume={64},
  pages={34},
  year={2011}
}


@article{crocker2011security,
  title={Security and Other Technical Concerns Raised by the DNS Filtering Requirements in the PROTECT IP Bill},
  author={Crocker, Steve and Dagon, David and Kaminsky, Dan and McPherson, DKH Danny and Vixie, Paul},
  journal={White Paper},
  year={2011}
}

@article{ramasubramanian2004design,
  title={The design and implementation of a next generation name service for the internet},
  author={Ramasubramanian, Venugopalan and Sirer, Emin G{\"u}n},
  journal={ACM SIGCOMM Computer Communication Review},
  volume={34},
  number={4},
  pages={331--342},
  year={2004},
  publisher={ACM}
}



@ARTICLE{astar, 
author={Hart, P.E. and Nilsson, N.J. and Raphael, B.}, 
journal={Systems Science and Cybernetics, IEEE Transactions on}, 
title={A Formal Basis for the Heuristic Determination of Minimum Cost Paths}, 
year={1968}, 
volume={4}, 
number={2}, 
pages={100-107}, 
keywords={Automatic control;Automatic programming;Chemical technology;Costs;Functional programming;Gradient methods;Instruction sets;Mathematical programming;Minimax techniques;Minimization methods}, 
doi={10.1109/TSSC.1968.300136}, 
ISSN={0536-1567}
}


@article{inject,
  title={Measurement of Globally Visible DNS Injection},
  author={Wander, Matth{\"a}us and Boelmann, Christopher and Schwittmann, Lorenz and Weis, Torben}
}


@INPROCEEDINGS{bitdiff, 
author={Bedford Taylor, Michael}, 
booktitle={Compilers, Architecture and Synthesis for Embedded Systems (CASES), 2013 International Conference on}, 
title={Bitcoin and the age of Bespoke Silicon}, 
year={2013}, 
pages={1-10}, 
keywords={Application specific integrated circuits;Data mining;Exchange rates;Field programmable gate arrays;Graphics processing units;Hardware;Technological innovation;Bitcoin;Dark Silicon;Specialization}, 
doi={10.1109/CASES.2013.6662520}
}

@inproceedings{freenet,
  title={Freenet: A distributed anonymous information storage and retrieval system},
  author={Clarke, Ian and Sandberg, Oskar and Wiley, Brandon and Hong, Theodore W},
  booktitle={Designing Privacy Enhancing Technologies},
  pages={46--66},
  year={2001},
  organization={Springer}
}

@misc{redis,
  title={Redis},
  author={Sanfilippo, Salvatore and Noordhuis, Pieter},
  journal={2011-03-19]. http://redis. io},
  year={2009}
}

@article{kleinberg2000navigation,
  title={Navigation in a small world},
  author={Kleinberg, Jon M},
  journal={Nature},
  volume={406},
  number={6798},
  pages={845--845},
  year={2000},
  publisher={Nature Publishing Group}
}



@article{cohen2000resilience,
  title={Resilience of the Internet to random breakdowns},
  author={Cohen, Reuven and Erez, Keren and Ben-Avraham, Daniel and Havlin, Shlomo},
  journal={Physical review letters},
  volume={85},
  number={21},
  pages={4626},
  year={2000},
  publisher={APS}
}



@article{Spring,
  author    = {Stephen G. Kobourov},
  title     = {Spring Embedders and Force Directed Graph Drawing Algorithms},
  journal= {CoRR},
  volume    = {abs/1201.3011},
  year      = {2012},
  ee        = {http://arxiv.org/abs/1201.3011},
  bibsource = {DBLP, http://dblp.uni-trier.de}
}


@article{pastor2001epidemic,
  title={Epidemic spreading in scale-free networks},
  author={Pastor-Satorras, Romualdo and Vespignani, Alessandro},
  journal={Physical review letters},
  volume={86},
  number={14},
  pages={3200},
  year={2001},
  publisher={APS}
}

@article{hagberg2004,
  title={Networkx. High productivity software for complex networks},
  author={Hagberg, Aric and Schult, Dan and Swart, Pieter and Conway, D and S{\'e}guin-Charbonneau, L and Ellison, C and Edwards, B and Torrents, J},
  journal={Webov{\'a} str{\'a} nka https://networkx. lanl. gov/wiki},
  year={2004}
}

@inproceedings{papadopoulos2010greedy,
  title={Greedy forwarding in dynamic scale-free networks embedded in hyperbolic metric spaces},
  author={Papadopoulos, Fragkiskos and Krioukov, Dmitri and Bogua, M and Vahdat, Amin},
  booktitle={INFOCOM, 2010 Proceedings IEEE},
  pages={1--9},
  year={2010},
  organization={IEEE}
}

@inproceedings{manku2003symphony,
  title={Symphony: Distributed Hashing in a Small World.},
  author={Manku, Gurmeet Singh and Bawa, Mayank and Raghavan, Prabhakar and others},
  booktitle={USENIX Symposium on Internet Technologies and Systems},
  pages={10},
  year={2003}
}

@misc{bittorrent,
  title={The BitTorrent protocol specification},
  author={Cohen, Bram},
  year={2008},
  publisher={BITTORRENT}
}
@misc{andrew-poster,
	author= "Rosen, Andrew and Benshoof, Brendan and Erwin, Matthew and Harrison, Robert W and Bourgeois, Anu G",
      title= "{Chronus: Organizing Mapreduce with Chord DHT}",
      doi= "{10.5281/zenodo.11083}",
      url= "{http://dx.doi.org/10.5281/zenodo.11083}"
}

@article{shen2010irm,
  title={IRM: integrated file replication and consistency maintenance in P2P systems},
  author={Shen, Haiying},
  journal={Parallel and Distributed Systems, IEEE Transactions on},
  volume={21},
  number={1},
  pages={100--113},
  year={2010},
  publisher={IEEE}
}


@inproceedings{pappas2006comparative,
  title={A Comparative Study of the DNS Design with DHT-Based Alternatives.},
  author={Pappas, Vasileios and Massey, Daniel and Terzis, Andreas and Zhang, Lixia},
  booktitle={INFOCOM},
  volume={6},
  pages={1--13},
  year={2006}
}




@article{liparameter,
    title={Parameter Server for Distributed Machine Learning},
    author={Li, Mu and Zhou, Li and Yang, Zichao and Li, Aaron and Xia, Fei and Andersen, David G and Smola, Alexander}
}

@inproceedings{saad2011detecting,
  title={Detecting P2P botnets through network behavior analysis and machine learning},
  author={Saad, Sherif and Traore, Issa and Ghorbani, Ali and Sayed, Bassam and Zhao, David and Lu, Wei and Felix, John and Hakimian, Payman},
  booktitle={Privacy, Security and Trust (PST), 2011 Ninth Annual International Conference on},
  pages={174--180},
  year={2011},
  organization={IEEE}
}

@ARTICLE{5713296, 
author={Ortiz, S.}, 
journal={Computer}, 
title={Is Peer-to-Peer on the Decline?}, 
year={2011}, 
month={feb. }, 
volume={44}, 
number={2}, 
pages={11 -13}, 
keywords={Internet;content access;peer-to-peer technology;Internet;peer-to-peer computing;}, 
doi={10.1109/MC.2011.51}, 
ISSN={0018-9162},}

@ARTICLE{IRM, 
author={Haiying Shen}, 
journal={Parallel and Distributed Systems, IEEE Transactions on}, 
title={I{RM}: {I}ntegrated {F}ile {R}eplication and {C}onsistency {M}aintenance in {P}2{P} {S}ystems}, 
year=2010, 
month={jan. }, 
volume={21}, 
number={1}, 
pages={100 -113}, 
keywords={IRM;P2P systems;consistency maintenance;high system performance;integrated file replication;message spreading;peer-to-peer file sharing systems;time-varying file query;peer-to-peer computing;program diagnostics;query processing;replicated databases;}, 
doi={10.1109/TPDS.2009.43}, 
ISSN={1045-9219},}



@article{Gilbert:2002:BCF:564585.564601,
 author = {Gilbert, Seth and Lynch, Nancy},
 title = {Brewer's conjecture and the feasibility of consistent, available, partition-tolerant web services},
 journaltitle = {SIGACT News},
 volume = {33},
 issue = {2},
 month = {June},
 year = {2002},
 issn = {0163-5700},
 pages = {51--59},
 numpages = {9},
 url = {http://doi.acm.org/10.1145/564585.564601},
 doi = {http://doi.acm.org/10.1145/564585.564601},
 acmid = {564601},
 publisher = {ACM},
 address = {New York, NY, USA}
} 

@INPROCEEDINGS{4456827, 
author={Ulusoy, O.}, 
title={Computer and information sciences, 2007. iscis 2007. 22nd international symposium on}, title={Research issues in Peer-to-Peer data management}, 
year={2007}, 
month={nov.}, 
volume={}, 
number={}, 
pages={1 -8}, 
keywords={overlay network;peer-to-peer data management;query processing;peer-to-peer computing;query processing;}, 
doi={10.1109/ISCIS.2007.4456827}, 

}

@article{loo2005implementing,
  title={Implementing declarative overlays},
  author={Loo, Boon Thau and Condie, Tyson and Hellerstein, Joseph M and Maniatis, Petros and Roscoe, Timothy and Stoica, Ion},
  journal={ACM SIGOPS Operating Systems Review},
  volume={39},
  number={5},
  pages={75--90},
  year={2005},
  publisher={ACM}
}

@incollection{jelasity2005t,
  title={T-Man: Gossip-based overlay topology management},
  author={Jelasity, M{\'a}rk and Babaoglu, Ozalp},
  booktitle={Engineering Self-Organising Systems},
  pages={1--15},
  year={2005},
  publisher={Springer}
}

@incollection{voulgaris2005epidemic,
  title={Epidemic-style management of semantic overlays for content-based searching},
  author={Voulgaris, Spyros and Van Steen, Maarten},
  booktitle={Euro-Par 2005 Parallel Processing},
  pages={1143--1152},
  year={2005},
  publisher={Springer}
}

@TECHREPORT{Overview,
    author = {Chonggang Wang and Bo Li},
    title = {Peer-to-Peer Overlay Networks: A Survey},
    institution = {},
    year = {2003}
}


@ARTICLE{SurveyCompare, 
author={ Eng Keong Lua and Crowcroft, J. and Pias, M. and Sharma, R. and Lim, S.}, 
journal={Communications Surveys Tutorials, IEEE}, 
title={A survey and comparison of peer-to-peer overlay network schemes}, 
year={2005}, 
month={quarter}, 
volume={7}, 
number={2}, 
pages={ 72 - 93}, 
keywords={}, 
doi={10.1109/COMST.2005.1610546}, 
ISSN={1553-877X}
}


@inproceedings{Lv:2002:SRU:514191.514206,
 author = {Lv, Qin and Cao, Pei and Cohen, Edith and Li, Kai and Shenker, Scott},
 title = {Search and replication in unstructured peer-to-peer networks},
 booktitle = {Proceedings of the 16th international conference on Supercomputing},
 series = {ICS '02},
 year = {2002},
 isbn = {1-58113-483-5},
 location = {New York, New York, USA},
 pages = {84--95},
 numpages = {12},
 url = {http://doi.acm.org/10.1145/514191.514206},
 doi = {10.1145/514191.514206},
 acmid = {514206},
 publisher = {ACM},
 address = {New York, NY, USA},
 keywords = {peer-to-peer, replication, search, unstructured},
}



@inproceedings{Peersim,
    Author = {Alberto Montresor and M\'{a}rk Jelasity},
    Title = {{PeerSim}: A Scalable {P2P} Simulator},
    Booktitle = {Proc. of the 9th Int. Conference on Peer-to-Peer (P2P'09)},
    Year = {2009},
    Month = sep,
    Pages = {99-100},
    Address = {Seattle, WA},
}

@MISC{KademliaPeersim,
  title={A Kademlia module for Peersim},
  author={Bonani, M and Furlan, D},
  journal={Universit{\`a} di Trento,(2009/2010). Web site: http://peersim. sourceforge. net [seen: 01/08/2014]. Comparison of P2P Social Network Architectures},
  year={2010}
}




@MISC{Crosby07ananalysis,
    author = {Scott A. Crosby and Dan S. Wallach},
    title = {An Analysis of BitTorrentâ€™s Two Kademlia-Based DHTs},
    year = {2007}
}

@INPROCEEDINGS{P2PMMO, 
author={Miller, J.L. and Crowcroft, J.}, 
booktitle={Network and Systems Support for Games (NetGames), 2010 9th Annual Workshop on}, 
title={The near-term feasibility of P2P MMOG's}, 
year={2010}, 
month={nov.}, 
volume={}, 
number={}, 
pages={1 -6}, 
keywords={P2P MMOG;P2P pub-sub solution;World of Warcraft;client-server architecture;distributed topologies;distributed virtual environments;massively multiplayer online game;message propagation;residential broadband connections;broadband networks;client-server systems;computer games;message passing;peer-to-peer computing;}, 
doi={10.1109/NETGAMES.2010.5679578}, 
ISSN={2156-8138},}

@article{P2PLegal,
 author = {Rodriguez, Pablo and Tan, See-Mong and Gkantsidis, Christos},
 title = {On the feasibility of commercial, legal P2P content distribution},
 journaltitle = {SIGCOMM Comput. Commun. Rev.},
 volume = {36},
 issue = {1},
 month = {January},
 year = {2006},
 issn = {0146-4833},
 pages = {75--78},
 numpages = {4},
 url = {http://doi.acm.org/10.1145/1111322.1111339},
 doi = {http://doi.acm.org/10.1145/1111322.1111339},
 acmid = {1111339},
 publisher = {ACM},
 address = {New York, NY, USA},
 keywords = {P2P, content distribution}
}

@ARTICLE{Piracy, 
author={Xiaosong Lou and Kai Hwang}, 
journal={Computers, IEEE Transactions on}, 
title={Collusive Piracy Prevention in P2P Content Delivery Networks}, 
year={2009}, 
month={july }, 
volume={58}, 
number={7}, 
pages={970 -983}, 
keywords={P2P content delivery network;collusive piracy prevention;copyright infringement;file sharing;identity-based signature;intellectual property violation;network security;peer authorization protocol;poison-resilient network;proactive content poisoning scheme;time-stamped token;authorisation;computer crime;copyright;cryptographic protocols;digital signatures;peer-to-peer computing;telecommunication security;}, 
doi={10.1109/TC.2009.26}, 
ISSN={0018-9340}
} 


@INPROCEEDINGS{BitTorrentProperties, 
author={Jimenez, R. and Osmani, F. and Knutsson, B.}, 
booktitle={Peer-to-Peer Computing, 2009. P2P '09. IEEE Ninth International Conference on}, 
title={Connectivity properties of Mainline BitTorrent DHT nodes}, 
year={2009}, 
month={sept.}, 
volume={}, 
number={}, 
pages={262 -270}, 
keywords={BitTorrent distributed hash table nodes;FTP;HTTP;Kademlia;Napster;connectivity properties;decentralized peer discovery;peer-to-peer protocols;transfer mechanism;peer-to-peer computing;protocols;}, 
doi={10.1109/P2P.2009.5284530},
}

@INPROCEEDINGS{Curtmola10censorship-resistantpublishing,
    author = {Emiran Curtmola and Alin Deutsch},
    title = {Censorship-resistant Publishing},
    booktitle = {In Technical Report CS2010-0956},
    year = {2010}
}


@MISC{amazon-micro,
author = {Amazon.com},
title = {AWS Documentation: Micro Instances},
note  = {http://docs.aws.amazon.com/AWSEC2/latest/UserGuide/concepts\_micro\_instances.html}
}

@MISC{amazon-instances,
author = {Amazon.com},
title = {Amazon {EC}2 {I}nstances},
note  = {http://aws.amazon.com/ec2/instance-types}
}

@inproceedings{hagberg-2008-exploring,
author = {Aric A. Hagberg and Daniel A. Schult and Pieter J. Swart},
title = {Exploring network structure, dynamics, and function using {NetworkX}},
year = {2008},
month = Aug,
urlpdf = {http://math.lanl.gov/~hagberg/Papers/hagberg-2008-exploring.pdf},
booktitle = {Proceedings of the 7th Python in Science Conference (SciPy2008)},
editors = {G\"{a}el Varoquaux, Travis Vaught, and Jarrod Millman},
address = {Pasadena, CA USA},
pages = {11--15}
}


@MISC{IRMLP,
    author = {Brendan Benshoof and Andrew Rosen}, 
    title ={Chord and IRM Simulation},
    note = {https://github.com/BrendanBenshoof/IRM\_LP\_SIM},
    year = {2012}
}

@inproceedings{chehai2006analysis,
  title={Analysis of content availability optimization in BitTorrent},
  author={Chehai, WU and Xianliang, LU and Hancong, D. and Hui, T. and Xu, Z. and Zhijun, Z.},
  booktitle={Hybrid Information Technology, 2006. ICHIT'06. International Conference on},
  volume={1},
  pages={525--529},
  year={2006},
  organization={IEEE}
}

@article{CFS,
  title={Wide-{A}rea {C}ooperative {S}torage with {CFS}},
  author={Dabek, Frank and Kaashoek, M Frans and Karger, David and Morris, Robert and Stoica, Ion},
  journal={ACM SIGOPS Operating Systems Review},
  volume={35},
  number={5},
  pages={202--215},
  year={2001},
  publisher={ACM}
}


@article{mrsurvey,
  title={Parallel data processing with MapReduce: a survey},
  author={Lee, Kyong-Ha and Lee, Yoon-Joon and Choi, Hyunsik and Chung, Yon Dohn and Moon, Bongki},
  journal={ACM SIGMOD Record},
  volume={40},
  number={4},
  pages={11--20},
  year={2012},
  publisher={ACM}
}

@article{hdfs,
  title={The {H}adoop {D}istributed {F}ile {S}ystem: {A}rchitecture and {D}esign},
  author={Borthakur, Dhruba},
  year={2007}
}

@misc{hadoop,
  title={Hadoop},
  note = {http://hadoop.apache.org/}
}


@misc{code,
  title = {Chord{R}educe},
  author = {Rosen, Andrew and Benshoof, Brendan and Erwin, Matt},
  note = {https://github.com/BrendanBenshoof/ChordReduce-Experimental}
}





@article{marozzo2012p2p,
  title={P2{P}-{M}ap{R}educe: {P}arallel {D}ata {P}rocessing in {D}ynamic {C}loud {E}nvironments},
  author={Marozzo, Fabrizio and Talia, Domenico and Trunfio, Paolo},
  journal={Journal of Computer and System Sciences},
  volume={78},
  number={5},
  pages={1382--1402},
  year={2012},
  publisher={Elsevier}
}



@inproceedings{folding,
  title={Folding@home: {L}essons from {E}ight {Y}ears of {V}olunteer {D}istributed {C}omputing},
  author={Beberg, Adam L and Ensign, Daniel L and Jayachandran, Guha and Khaliq, Siraj and Pande, Vijay S},
  booktitle={Parallel \& Distributed Processing, 2009. IPDPS 2009. IEEE International Symposium on},
  pages={1--8},
  year={2009},
  organization={IEEE}
}

@article{rizzo1997effective,
  title={Effective {E}rasure {C}odes for {R}eliable {C}omputer {C}ommunication {P}rotocols},
  author={Rizzo, Luigi},
  journal={ACM SIGCOMM Computer Communication Review},
  volume={27},
  number={2},
  pages={24--36},
  year={1997},
  publisher={ACM}
}


@book{joyce1924ulysses,
  title={Ulysses},
  author={Joyce, James},
  year={1924},
  publisher={Editions Artisan Devereaux}
}

@misc{foldingPapers,
  title = "Recent Results and Research Papers from Folding@home",
  author = {Folding@home},
  note = {http://folding.stanford.edu/home/papers}
}

@article{hadoop-bottle,
  title={{HDFS} {S}calability: {T}he {L}imits to {G}rowth},
  author={Shvachko, Konstantin V},
  journal={login},
  volume={35},
  number={2},
  pages={6--16},
  year={2010}
}

@article{anderson2002seti,
  title={SETI@Home: An Experiment in Public-Resource Computing},
  author={Anderson, David P and Cobb, Jeff and Korpela, Eric and Lebofsky, Matt and Werthimer, Dan},
  journal={Communications of the ACM},
  volume={45},
  number={11},
  pages={56--61},
  year={2002},
  publisher={ACM}
}


@inproceedings{symphony,
  title={Symphony: {D}istributed {H}ashing in a {S}mall {W}orld.},
  author={Manku, Gurmeet Singh and Bawa, Mayank and Raghavan, Prabhakar and others},
  booktitle={USENIX Symposium on Internet Technologies and Systems},
  pages={10},
  year={2003}
}

@INPROCEEDINGS{leemap, 
author={Kyungyong Lee and Tae Woong Choi and Ganguly, A. and Wolinsky, D.I. and Boykin, P.O. and Figueiredo, R.}, 
booktitle={Parallel and Distributed Processing Workshops and Phd Forum (IPDPSW), 2011 IEEE International Symposium on}, 
title={Parallel {P}rocessing {F}ramework on a {P}2{P} {S}ystem {U}sing {M}ap and {R}educe {P}rimitives}, 
year={2011}, 
pages={1602-1609}, 
keywords={functional programming;multicast communication;parallel processing;pattern clustering;peer-to-peer computing;processor scheduling;tree data structures;Brunet P2P system;P2P nodes;PlanetLab;distributed K-Means clustering;distribution latency cost;functional programming models;map primitives;multicast method;parallel processing framework;reduce primitives;remote procedure call invocations;self-organizing multicast tree;structured peer-to-peer networks;task processing;Clustering algorithms;Data mining;Google;Monitoring;Parallel processing;Peer to peer computing;Routing}, 
doi={10.1109/IPDPS.2011.315}, 
ISSN={1530-2075},
}

@inproceedings{li2013zht,
  title={ZHT: A light-weight reliable persistent dynamic scalable zero-hop distributed hash table},
  author={Li, Tonglin and Zhou, Xiaobing and Brandstatter, Kevin and Zhao, Dongfang and Wang, Ke and Rajendran, Adithya and Zhang, Zhao and Raicu, Ioan},
  booktitle={Parallel \& Distributed Processing (IPDPS), 2013 IEEE 27th International Symposium on},
  pages={775--787},
  year={2013},
  organization={IEEE}
}

@article{tapestry,
  title={Tapestry: A resilient global-scale overlay for service deployment},
  author={Zhao, Ben Y and Huang, Ling and Stribling, Jeremy and Rhea, Sean C and Joseph, Anthony D and Kubiatowicz, John D},
  journal={Selected Areas in Communications, IEEE Journal on},
  volume={22},
  number={1},
  pages={41--53},
  year={2004},
  publisher={IEEE}
}

@article{brunet,
  author    = {P. Oscar Boykin and
               Jesse S. A. Bridgewater and
               Joseph S. Kong and
               Kamen M. Lozev and
               Behnam Attaran Rezaei and
               Vwani P. Roychowdhury},
  title     = {A Symphony Conducted by Brunet},
  journal= {CoRR},
  volume    = {abs/0709.4048},
  year      = {2007},
  ee        = {http://arxiv.org/abs/0709.4048},
  bibsource = {DBLP, http://dblp.uni-trier.de}
}







@inproceedings{pavlo2009comparison,
  title={A comparison of approaches to large-scale data analysis},
  author={Pavlo, Andrew and Paulson, Erik and Rasin, Alexander and Abadi, Daniel J and DeWitt, David J and Madden, Samuel and Stonebraker, Michael},
  booktitle={Proceedings of the 2009 ACM SIGMOD International Conference on Management of data},
  pages={165--178},
  year={2009},
  organization={ACM}
}


@incollection{cox2002serving,
  title={Serving {DNS} {U}sing a {P}eer-to-{P}eer {L}ookup {S}ervice},
  author={Cox, Russ and Muthitacharoen, Athicha and Morris, Robert T},
  booktitle={Peer-to-Peer Systems},
  pages={155--165},
  year={2002},
  publisher={Springer}
}


@INPROCEEDINGS{5359174, 
author={Nocentini, C. and Crescenzi, P. and Lanzi, Leonardo}, 
booktitle={Advances in P2P Systems, 2009. AP2PS '09. First International Conference on}, 
title={Performance {E}valuation of a {C}hord-{B}ased {JXTA} {I}mplementation}, 
year={2009}, 
pages={7-12}, 
keywords={peer-to-peer computing;performance evaluation;protocols;JXTA framework;JXTA performance model;JXTA rendezvous protocol performances;chord DHT management protocol;chord-based JXTA implementation;performance evaluation;real Chord DHT;Conference management;Costs;Knowledge management;Peer to peer computing;Process design;Protocols;Resource management;Sun;System performance;Testing;Distributed hash table;JXTA;Peer-to-Peer;Performance evaluation}, 
doi={10.1109/AP2PS.2009.9},}


@ARTICLE{935182, 
author={Li Gong}, 
journal={Internet Computing, IEEE}, 
title={{JXTA: A Network Programming Environment}}, 
year={2001}, 
volume={5}, 
number={3}, 
pages={88-95}, 
keywords={distributed programming;open systems;programming environments;protocols;software packages;JXTA;Sun Microsystems;distributed computing;heterogeneous devices;interoperability;network programming environment;network programming platform;peer-to-peer computing;peer-to-peer networking;protocols;software stacks;Bandwidth;Computer industry;Computer networks;Distributed computing;Internet;Peer to peer computing;Programming environments;Search engines;Space technology;Sun}, 
doi={10.1109/4236.935182}, 
ISSN={1089-7801},}


@inproceedings{boinc,
  title={Boinc: {A} {S}ystem for {P}ublic-{R}esource {C}omputing and {S}torage},
  author={Anderson, David P},
  booktitle={Grid Computing, 2004. Proceedings. Fifth IEEE/ACM International Workshop on},
  pages={4--10},
  year={2004},
  organization={IEEE}
}


@ARTICLE{load, 
author={Haiying Shen and Cheng-Zhong Xu}, 
journal={Parallel and Distributed Systems, IEEE Transactions on}, 
title={{Locality-Aware and Churn-Resilient Load-Balancing Algorithms in Structured Peer-to-Peer Networks}}, 
year={2007}, 
volume={18}, 
number={6}, 
pages={849-862}, 
keywords={file organisation;peer-to-peer computing;resource allocation;churn-resilient load-balancing algorithm;data redistribution algorithm;distributed hash table;location awareness;structured peer-to-peer overlay network;Computer Society;Costs;Intrusion detection;Load management;Peer to peer computing;Resource management;Robustness;Cycloid;distributed hash table;heterogeneity;load balancing;peer-to-peer;proximity.}, 
doi={10.1109/TPDS.2007.1040}, 
ISSN={1045-9219}
}

@inproceedings{gfs,
  title={The Google file system},
  author={Ghemawat, Sanjay and Gobioff, Howard and Leung, Shun-Tak},
  booktitle={ACM SIGOPS Operating Systems Review},
  volume={37},
  number={5},
  pages={29--43},
  year={2003},
  organization={ACM}
}

@article{benet2014ipfs,
	title={IPFS-Content Addressed, Versioned, P2P File System},
	author={Benet, Juan},
	journal={arXiv preprint arXiv:1407.3561},
	year={2014}
}





@article{fortune1987sweepline,
  title={A sweepline algorithm for Voronoi diagrams},
  author={Fortune, Steven},
  journal={Algorithmica},
  volume={2},
  number={1-4},
  pages={153--174},
  year={1987},
  publisher={Springer}
}




@article{watson1981computing,
	title={Computing the n-dimensional Delaunay tessellation with application to Voronoi polytopes},
	author={Watson, David F},
	journal={The computer journal},
	volume={24},
	number={2},
	pages={167--172},
	year={1981},
	publisher={Br Computer Soc}
}



@inproceedings{cvetkovski2009hyperbolic,
	title={Hyperbolic embedding and routing for dynamic graphs},
	author={Cvetkovski, Andrej and Crovella, Mark},
	booktitle={INFOCOM 2009, IEEE},
	pages={1647--1655},
	year={2009},
	organization={IEEE}
}



@article{mapreduce,
  title={MapReduce: {S}implified {D}ata {P}rocessing on {L}arge {C}lusters},
  author={Dean, Jeffrey and Ghemawat, Sanjay},
  journal={Communications of the ACM},
  volume={51},
  number={1},
  pages={107--113},
  year={2008},
  publisher={ACM}
}


@inproceedings{shvachko2010hadoop,
  title={The {H}adoop {D}istributed {F}ile {S}ystem},
  author={Shvachko, Konstantin and Kuang, Hairong and Radia, Sanjay and Chansler, Robert},
  booktitle={Mass Storage Systems and Technologies (MSST), 2010 IEEE 26th Symposium on},
  pages={1--10},
  year={2010},
  organization={IEEE}
}









@misc{hadoopAssumptions,
	title = {Virtual Hadoop},
	author = Apache,
	note = {http://wiki.apache.org/hadoop/Virtual%20Hadoop}
}

