@inproceedings{kleinberg2007geographic,
  title={Geographic routing using hyperbolic space},
  author={Kleinberg, Robert},
  booktitle={INFOCOM 2007. 26th IEEE International Conference on Computer Communications. IEEE},
  pages={1902--1909},
  year={2007},
  organization={IEEE}
}
@inproceedings{cvetkovski2009hyperbolic,
  title={Hyperbolic embedding and routing for dynamic graphs},
  author={Cvetkovski, Andrej and Crovella, Mark},
  booktitle={INFOCOM 2009, IEEE},
  pages={1647--1655},
  year={2009},
  organization={IEEE}
}
@article{stoica2001chord,
  title={Chord: A scalable peer-to-peer lookup service for internet applications},
  author={Stoica, Ion and Morris, Robert and Karger, David and Kaashoek, M Frans and Balakrishnan, Hari},
  journal={ACM SIGCOMM Computer Communication Review},
  volume={31},
  number={4},
  pages={149--160},
  year={2001},
  publisher={ACM}
}

@incollection{maymounkov2002kademlia,
  title={Kademlia: A peer-to-peer information system based on the xor metric},
  author={Maymounkov, Petar and Mazieres, David},
  booktitle={Peer-to-Peer Systems},
  pages={53--65},
  year={2002},
  publisher={Springer}
}
@inproceedings{brewer2010certain,
  title={A certain freedom: thoughts on the cap theorem},
  author={Brewer, Eric},
  booktitle={Proceedings of the 29th ACM SIGACT-SIGOPS symposium on Principles of distributed computing},
  pages={335--335},
  year={2010},
  organization={ACM}
}

@article{hodson2013meshnet,
  title={Meshnet activists rebuilding the internet from scratch},
  author={Hodson, Hal},
  journal={New Scientist},
  volume={219},
  number={2929},
  pages={20--21},
  year={2013},
  publisher={Elsevier}
}

@article{jimenez2011kademlia,
  title={Kademlia on the open internet: How to achieve sub-second lookups in a multimillion-node DHT overlay},
  author={Jimenez, Ra{\'u}l},
  year={2011},
  publisher={KTH Royal Institute of Technology}
}

@inproceedings{zantout2011i2p,
  title={I2p data communication system},
  author={Zantout, Bassam and Haraty, Ramzi},
  booktitle={Proceedings of the tenth international conference on networks},
  pages={401--409},
  year={2011}
}

@inproceedings{chordreduce,
	author = {Rosen, Andrew and Benshoof, Brendan and Harrison, Robert W and Bourgeois, Anu G.},
	title = {MapReduce on a Chord Distributed Hash Table},
	booktitle = {2nd International IBM Cloud Academy Conference},
	date = {May 9th, 2014},

}

@inproceedings{vhash,
	author = {Benshoof, Brendan and Rosen, Andrew and Bourgeois, Anu G. and Harrison, Robert W },
	title = {VHASH: Spatial DHT based on Voronoi Tessellation},
	booktitle = {2nd International IBM Cloud Academy Conference},
	date = {2014},
	
}

@inproceedings{irmlp,
	author = {Benshoof, Brendan and Rosen, Andrew and Johnson, Matt  and Bourgeois, Anu G.},
	title = {Reducing Traffic and Delays in P2P Systems with Replicated Mutable Files},
	date = {2012},
	
}


@inproceedings{dgvh,
	author = {Benshoof, Brendan and Rosen, Andrew and Bourgeois, Anu G. and Harrison, Robert W },
	title = {A Distributed Greedy Heuristic for Computing Voronoi Tessellations With Applications Towards Peer-to-Peer Networks},
	booktitle = {Dependable Parallel, Distributed and Network-Centric Systems, 20th IEEE Workshop on },
	date = {2015},
	
}
